<?xml version="1.0" encoding="UTF-8"?><collection xmlns="http://www.loc.gov/MARC21/slim"><record><leader>00526nam--2200193-u-4500</leader><controlfield tag="001">000055164</controlfield><controlfield tag="002">20161230</controlfield><controlfield tag="005">20161230201052</controlfield><controlfield tag="008">121108s1000------------r-----000-0-rus-d</controlfield><datafield ind1=" " ind2=" " tag="040"><subfield code="a">IFIN-HH</subfield></datafield><datafield ind1=" " ind2=" " tag="041"><subfield code="a">rus</subfield></datafield><datafield ind1=" " ind2=" " tag="080"><subfield code="a">621.039.531</subfield></datafield><datafield ind1="1" ind2=" " tag="100"><subfield code="a">Kirsanov, V.V</subfield></datafield><datafield ind1="1" ind2="0" tag="245"><subfield code="a">Protessi radiationnogo defektoobrazovania v metallah</subfield><subfield code="c">V.v. kirsanov, a.l. suvorov, iu.b. trusin</subfield></datafield><datafield ind1=" " ind2=" " tag="260"><subfield code="a">Moskva</subfield><subfield code="b">Energoatomizdat</subfield><subfield code="c">1985</subfield></datafield><datafield ind1=" " ind2=" " tag="300"><subfield code="a">272P</subfield></datafield><datafield ind1="1" ind2=" " tag="700"><subfield code="a">Trusin, Iu.B</subfield></datafield><datafield ind1=" " ind2=" " tag="852"><subfield code="a">72960</subfield><subfield code="c">539.2</subfield></datafield><datafield ind1=" " ind2=" " tag="CAT"><subfield code="a">Sys</subfield><subfield code="c">20121108</subfield><subfield code="h">153619</subfield></datafield></record></collection>